<?xml version="1.0" encoding="UTF-8"?><record xmlns="http://www.loc.gov/MARC21/slim" xmlns:cinclude="http://apache.org/cocoon/include/1.0" xmlns:zs="http://www.loc.gov/zing/srw/">
  <leader>00505cz  a2200133n  4500</leader>
  <controlfield tag="001">n 2006209164</controlfield>
  <controlfield tag="003">DLC</controlfield>
  <controlfield tag="005">20070625074740.0</controlfield>
  <controlfield tag="008">070624n| acannaabn          |a aaa      </controlfield>
  <datafield tag="010" ind1=" " ind2=" ">
    <subfield code="a">n 2006209164</subfield>
  </datafield>
  <datafield tag="040" ind1=" " ind2=" ">
    <subfield code="a">DLC</subfield>
    <subfield code="b">eng</subfield>
    <subfield code="c">DLC</subfield>
  </datafield>
  <datafield tag="100" ind1="1" ind2=" ">
    <subfield code="a">Amirrachman, Alpha,</subfield>
    <subfield code="d">1970-</subfield>
  </datafield>
  <datafield tag="400" ind1="1" ind2=" ">
    <subfield code="a">Amirrakhman, Alpha,</subfield>
    <subfield code="d">1970-</subfield>
  </datafield>
  <datafield tag="670" ind1=" " ind2=" ">
    <subfield code="a">Revitalisasi kearifan lokal, 2007:</subfield>
    <subfield code="b">t.p. (Alpha Amirrachman) p. 353 (b. Nov. 28, 1970 in Jakarta; Master of Philosophy in Education, Sidney Univ.; lecturer, Univ. Sultan Ageng Tirtayasa, Banten)</subfield>
  </datafield>
</record>